@book{womak:lean-thinking,
    author  = {James P. Womack, Daniel T. Jones},
    title   = {Lean Thinking, Second Editon},
    publisher = {Simon \& Schuster, Inc.},
    year    = {2010}
}

@online{site:agile-manifesto,
    title   = {Manifesto Agile},
    url     = {http://agilemanifesto.org/iso/it/}
}

@online{site:vuetify-doc,
	title = {Documentazione ufficiale Vuetify},
	url = {https://vuetifyjs.com/en/}
}

@online{site:vue-doc,
	title = {Documentazione ufficiale Vue.js},
	url = {https://vuejs.org/}
}

@online{site:vscode-doc,
	title = {Documentazione ufficiale Visual Studio Code},
	url = {https://code.visualstudio.com/docs}
}